<record><leader>00000cas a22000007a 4500</leader><controlfield tag="001">22193893</controlfield><controlfield tag="008">900808c19909999nyuwr ne      0    0eng c</controlfield><datafield ind1=" " ind2=" " tag="010"><subfield code="a">sn 90066165 </subfield></datafield><datafield ind1=" " ind2=" " tag="040"><subfield code="a">NYS</subfield><subfield code="b">eng</subfield><subfield code="c">NYS</subfield><subfield code="d">OCLCQ</subfield><subfield code="d">OCLCF</subfield><subfield code="d">OCLCO</subfield></datafield><datafield ind1="1" ind2=" " tag="029"><subfield code="a">AU@</subfield><subfield code="b">000020613074</subfield></datafield><datafield ind1=" " ind2=" " tag="037"><subfield code="b">Unlimited Pub. Co., Route 17K, Bullville, N.Y. 10915</subfield></datafield><datafield ind1=" " ind2=" " tag="042"><subfield code="a">pcc</subfield></datafield><datafield ind1=" " ind2=" " tag="043"><subfield code="a">n-us-ny</subfield></datafield><datafield ind1="0" ind2="0" tag="245"><subfield code="a">Ellenville unlimited news.</subfield></datafield><datafield ind1="3" ind2="0" tag="246"><subfield code="a">Ellenville news</subfield></datafield><datafield ind1="1" ind2="3" tag="246"><subfield code="a">Unlimited news</subfield></datafield><datafield ind1=" " ind2=" " tag="260"><subfield code="a">Bullville, N.Y. :</subfield><subfield code="b">Unlimited Pub. Co.,</subfield><subfield code="c">1990-</subfield></datafield><datafield ind1=" " ind2=" " tag="300"><subfield code="a">v. :</subfield><subfield code="b">ill. ;</subfield><subfield code="c">39 cm.</subfield></datafield><datafield ind1=" " ind2=" " tag="310"><subfield code="a">Weekly</subfield></datafield><datafield ind1="0" ind2=" " tag="362"><subfield code="a">Vol. 4, no. 5 (June 14, 1990)-</subfield></datafield><datafield ind1=" " ind2=" " tag="500"><subfield code="a">"Unlimited" appears above "news" within masthead.</subfield></datafield><datafield ind1=" " ind2="0" tag="651"><subfield code="a">Ellenville (N.Y.)</subfield><subfield code="v">Newspapers.</subfield></datafield><datafield ind1=" " ind2="4" tag="651"><subfield code="a">Bullville (N.Y.)</subfield><subfield code="v">Newspapers.</subfield></datafield><datafield ind1=" " ind2="7" tag="655"><subfield code="a">Newspapers.</subfield><subfield code="2">fast</subfield><subfield code="0">(OCoLC)fst01423814</subfield></datafield><datafield ind1=" " ind2="7" tag="651"><subfield code="a">New York (State)</subfield><subfield code="z">Ellenville.</subfield><subfield code="2">fast</subfield><subfield code="0">(OCoLC)fst01218981</subfield></datafield><datafield ind1=" " ind2=" " tag="752"><subfield code="a">United States</subfield><subfield code="b">New York</subfield><subfield code="c">Orange</subfield><subfield code="d">Bullville.</subfield></datafield><datafield ind1=" " ind2=" " tag="752"><subfield code="a">United States</subfield><subfield code="b">New York</subfield><subfield code="c">Ulster</subfield><subfield code="d">Ellenville.</subfield></datafield></record>